%% This BibTeX bibliography file was created using BibDesk.
%% http://bibdesk.sourceforge.net/

%% Created for Arthur Ryman at 2016-11-20 21:08:51 -0500 


%% Saved with string encoding Unicode (UTF-8) 



@techreport{agryman:probability-and-statistics,
	Author = {Ryman, Arthur},
	Date-Added = {2016-11-21 02:03:45 +0000},
	Date-Modified = {2016-11-21 02:08:34 +0000},
	Institution = {GitHub},
	Mon = nov,
	Note = {\url{https://github.com/agryman/probability-and-statistics}},
	Title = {agryman/probability-and-statistics},
	Type = {source code repository},
	Url = {https://github.com/agryman/probability-and-statistics},
	Year = 2016}

@techreport{spivey:fuzz,
	Author = {Mike Spivey},
	Date-Added = {2016-11-21 01:43:55 +0000},
	Date-Modified = {2016-11-21 02:08:43 +0000},
	Institution = {Oxford University},
	Note = {\url{https://spivey.oriel.ox.ac.uk/mike/fuzz/}},
	Title = {The fuzz type-checker for {Z}},
	Type = {web page},
	Url = {https://spivey.oriel.ox.ac.uk/mike/fuzz/},
	Year = 2008}

@book{mendenhall:ips14,
	Author = {William Mendenhall, III and Robert J. Beaver and Barbara M. Beaver},
	Publisher = {Brooks/Cole CENGAGE Learning},
	Title = {Introduction to Probability and Statistics, 14th Edition},
	Year = 2013}

@book{spivey:zrm,
	Author = {Mike Spivey},
	Note = {\url{https://spivey.oriel.ox.ac.uk/mike/zrm/index.html}},
	Publisher = {Prentice Hall},
	Title = {The {Z} {N}otation: a reference manual},
	Year = 2001}
